
@incollection{lind_lr_assumptions,
  author        = "D. A. Lind and W. G. Marchal and S. A. Wathen and C. Waite",
  title         = "ASSUMPTIONS UNDERLYING LINEAR REGRESSION",
  booktitle     = "Basic Statistics for Business & Economics",
  publisher     = "McGraw-Hill Ryerson",
  edition       = "5th Canadian ed.",
  chapter       = "12, sec.\ 4",
  year          = "2015",
  pages         = "386--387"
}



@incollection{intro_to_stat_learning_predictor_transform,
  author        = "G James and D Witten and T Hastie and R Tibshirani",
  title         = "Non-linear Transformations of the Predictors",
  booktitle     = "An Introduction to Statistical Learning",
  publisher     = "Springer Texts in Statistics",
  edition       = "2nd ed.",
  chapter       = "3.6.5",
  year          = "2021",
  pages         = "116--118"
}



@incollection{intro_to_stat_and_data_analysis_transforms,
  author        = "C. Heumann and M.S. Shalabh",
  title         = "Non-linear Transformations of the Predictors",
  booktitle     = "Introduction to Statistics and Data Analysis With Exercises, Solutions and Applications in R",
  publisher     = "Springer Texts in Statistics",
  edition       = "8th ed.",
  chapter       = "11 sec.\ 5",
 year          = "2016",
  pages         = "261--263"
}


@incollection{intro_to_stat_learning_outliers,
  author        = "G James and D Witten and T Hastie and R Tibshirani",
  title         = " Other Considerations in the Regression Model",
  booktitle     = "An Introduction to Statistical Learning",
  publisher     = "Springer Texts in Statistics",
  edition       = "2nd ed.",
  chapter       = "3 sec.\ 3",
  year          = "2021",
  pages         = "97--99"
}



@misc{iqr_outlier,
  author        = "Malato, Gianluca ",
  title         = "Outlier identification using Interquartile Range",
  month         = "Nov. 1,",
  year          = "2021 [Online]",
  howpublished  = "YOUR DATA TEACHER",
  url           = "https://www.yourdatateacher.com/2021/11/01/outlier-identification-using-interquartile-range/?cli_action=1647195264.079"
}



@incollection{stats_w_R_lin_mul_reg,
  author        = "Stinerock, Robert",
  title         = "Multiple Regression",
  booktitle     = "Statistics with R ",
  publisher     = "SAGE Publications Ltd",
  edition       = "1st ed.",
  chapter       = "13 sec.\ 1",
  year          = "2018",
  pages         = "320--326"
}



@book{forcasting_predictor_choices,
  author        = " Hyndman, Rob J and  Athanasopoulos, George",
  title         = "Forecasting: Principles and Practice",
  howpublished  = "otexts, [Online]. 2nd edition",
  chapter = "5 sec.\ 5"
}



@incollection{intro_to_stat_and_data_analysis_model_assumptions,
  author        = "Heumann, Christian and Shalabh, Michael Schomaker",
  title         = "Checking Model Assumptions",
  booktitle     = "Introduction to Statistics and Data Analysis With Exercises, Solutions and Applications in R",
  publisher     = "Springer Texts in Statistics",
  edition       = "8th ed.",
  chapter       = "11 sec.\ 9",
  year          = "2016",
  pages         = "285--288"
}



@inbook{gauss_markov,
author = {Hallin, Marc},
publisher = {John Wiley & Sons, Ltd},
isbn = {9781118445112},
title = {Gaussâ€“Markov Theorem in Statistics},
booktitle = {Wiley StatsRef: Statistics Reference Online},
chapter = {},
pages = {},
doi = {https://doi.org/10.1002/9781118445112.stat07536},
url = {https://onlinelibrary.wiley.com/doi/abs/10.1002/9781118445112.stat07536},
eprint = {https://onlinelibrary.wiley.com/doi/pdf/10.1002/9781118445112.stat07536},
year = {2014}}



@incollection{durbin_watson,
  author        = "D. A. Lind and W. G. Marchal and S. A. Wathen and C. Waite",
  title         = "Independent Observations",
  booktitle     = "Basic Statistics for Business & Economics",
  publisher     = "McGraw-Hill Ryerson",
  edition       = "5th Canadian ed.",
  chapter       = "13, sec.\ 5",
  year          = "2015",
  pages         = "442--443"
}



@incollection{vif,
  author        = "G James and D Witten and T Hastie and R Tibshirani",
  title         = "Collinearity",
  booktitle     = "An Introduction to Statistical Learning",
  publisher     = "Springer Texts in Statistics",
  edition       = "2nd ed.",
  chapter       = "3 sec.\ 3.6",
  year          = "2021",
  pages         = "99--103"
}



@article{cooks_distance,
 ISSN = {00401706},
 URL = {http://www.jstor.org/stable/1268249},
 author = {R. Dennis Cook},
 journal = {Technometrics},
 number = {1},
 pages = {15--18},
 publisher = {[Taylor & Francis, Ltd., American Statistical Association, American Society for Quality]},
 title = {Detection of Influential Observation in Linear Regression},
 volume = {19},
 year = {1977}
}



@manual{leaps,
  author        = " Lumley, Thomas",
  title         = "Regression Subset Selection",
  version       = "3.1",
  year          = "2020 [Online].",
  url           = "https://cran.r-project.org/web/packages/leaps/leaps.pdf",
  month = "Jan 16"
}



@manual{ncv,
  author        = " Fox, John",
  title         = "ncvTest: Score Test for Non-Constant Error Variance",
  version       = "car (version 3.0-12)",
  year          = "2021 [Online].",
  url           = "https://www.rdocumentation.org/packages/car/versions/3.0-12/topics/ncvTest",
  month = "Nov 6"
}


@article{overfitting,
 doi = {https://doi.org/10.1038/nmeth.3968},
 author = {J. Lever and M. Krzywinski and N. Altman},
 journal = {Nature Methods},
 number = {13},
 pages = {703--704},
 title = {Model selection and overfitting},
 month = {Sep},
 year = {2016}
}


@article{stepwisebad,
 doi = {https://doi.org/10.1186/s40537-018-0143-6},
 author = {G. Smith},
 journal = {Big Data},
 volume = {5}, 
 number = {32},
 title = {Step away from stepwise},
 month = {Sep 15},
 year = {2018}
}



@article{parsimony,
 author = {Kees Aarts},
 journal = {Methodological Innovations Online},
 volume = {2}, 
 number = {1},
 pages = { 2-10},
 title = {Parsimonious Methodology},
 year = {2007}
}

@manual{aic,
  title         = "aictab: Create Model Selection Tables",
  version       = "AICcmodavg (version 2.3-1)",
  url           = "https://www.rdocumentation.org/packages/AICcmodavg/versions/2.3-1/topics/aictab",
}

@manual{bic,
  title         = "bictab: Create Model Selection Tables Based on BIC",
  version       = "AICcmodavg (version 2.3-1)",
  url           = "https://www.rdocumentation.org/packages/AICcmodavg/versions/2.3-1/topics/bictab"
}
